<?xml version="1.0" encoding="utf-8"?>
<record xmlns="http://www.loc.gov/MARC21/slim" xmlns:xsi="http://www.w3.org/2001/XMLSchema-instance" xsi:schemaLocation="http://www.loc.gov/MARC21/slim http://www.loc.gov/standards/marcxml/schema/MARC21slim.xsd">
	<leader>
		04184nam a2200553   4500
	</leader>
	<controlfield tag="001">
		5236998
	</controlfield>
	<controlfield tag="003">
		NIC
	</controlfield>
	<controlfield tag="006">
		m        d        
	</controlfield>
	<controlfield tag="007">
		cr cn |||m|||a
	</controlfield>
	<controlfield tag="008">
		160224m19411947tu a    o     000 0 ara d
	</controlfield>
	<datafield ind1=" " ind2=" " tag="040">
		<subfield code="a">
			NNU
		</subfield>
		<subfield code="b">
			eng
		</subfield>
		<subfield code="e">
			rda
		</subfield>
		<subfield code="c">
			NNU
		</subfield>
	</datafield>
	<datafield ind1=" " ind2="4" tag="050">
		<subfield code="a">
			Z7052
		</subfield>
		<subfield code="b">
			.K19 1941
		</subfield>
	</datafield>
	<datafield ind1="0" ind2=" " tag="100">
		<subfield code="6">
			880-01
		</subfield>
		<subfield code="a">
			Kâtip Çelebi,
		</subfield>
		<subfield code="d">
			1609-1657.
		</subfield>
	</datafield>
	<datafield ind1="1" ind2="0" tag="240">
		<subfield code="6">
			880-02
		</subfield>
		<subfield code="a">
			Kashf al-ẓunūn ʻan asāmi al-kutub wa-al-funūn
		</subfield>
	</datafield>
	<datafield ind1="1" ind2="0" tag="245">
		<subfield code="6">
			880-03
		</subfield>
		<subfield code="a">
			Kitāb kashf al-ẓunūn ʻan asāmī al-kutub wa-al-funūn /
		</subfield>
		<subfield code="c">
			[li-Muṣṭafá ibn ʻAbd Allāh al-shahīr bi-Ḥājjī Khalīfah wa-bi-Kātib Jalabī ; ʻuniyah bi-taṣḥīḥuhu wa-ṭabʻuhu ʻala nuskhat al-muʼallif mujarradan ʻan al-ziyādāt wa-al-lawāḥiq min baʻdihi wa-taʻlīq hawāshihi thumma bi-tartīb al-thuyūl ʻalayhi wa-ṭabʻihā Muḥammad Sharaf al-Dīn Yāltaqāyā wa-al-muʻallim Rifʻat Bīlkah al-Kilīsī] ; maʻa muqaddimah li-Āyat Allāh al-ʻUẓmá Shihāb al-Dīn al-Najafī-yi Marʻashī.
		</subfield>
	</datafield>
	<datafield ind1="1" ind2="4" tag="246">
		<subfield code="a">
			Keşf-el-zunun
		</subfield>
	</datafield>
	<datafield ind1=" " ind2=" " tag="260">
		<subfield code="6">
			880-04
		</subfield>
		<subfield code="a">
			[Istanbul] :
		</subfield>
		<subfield code="b">
			[publisher not identified],
		</subfield>
		<subfield code="c">
			1941-1947
		</subfield>
		<subfield code="e">
			([Istanbul] :
		</subfield>
		<subfield code="f">
			Maṭābiʻ Wikālat al-Maʻārif al-Jalīlah)
		</subfield>
	</datafield>
	<datafield ind1=" " ind2=" " tag="300">
		<subfield code="a">
			online resource (4 volumes) :
		</subfield>
		<subfield code="b">
			illustrations
		</subfield>
	</datafield>
	<datafield ind1=" " ind2=" " tag="336">
		<subfield code="a">
			text
		</subfield>
		<subfield code="2">
			rdacontent
		</subfield>
	</datafield>
	<datafield ind1=" " ind2=" " tag="337">
		<subfield code="a">
			computer
		</subfield>
		<subfield code="2">
			rdamedia
		</subfield>
	</datafield>
	<datafield ind1=" " ind2=" " tag="338">
		<subfield code="a">
			online resource
		</subfield>
		<subfield code="2">
			rdacarrier
		</subfield>
	</datafield>
	<datafield ind1=" " ind2=" " tag="500">
		<subfield code="a">
			Title on added t.p.: Keşf-el-zunun.
		</subfield>
	</datafield>
	<datafield ind1=" " ind2=" " tag="500">
		<subfield code="a">
			Part of the Arabic Collections Online (ACO) project, contributed by Cornell University Libraries.
		</subfield>
	</datafield>
	<datafield ind1="0" ind2=" " tag="505">
		<subfield code="a">
			v. 1-2. Kitāb kashf al-ẓunūn -- v. 3-4. Kitāb īḍāḥ al-maknūn fī al-dhayl ʻalá Kashf al-ẓunūn.
		</subfield>
	</datafield>
	<datafield ind1=" " ind2=" " tag="500">
		<subfield code="a">
			Reprint.
		</subfield>
	</datafield>
	<datafield ind1=" " ind2=" " tag="500">
		<subfield code="a">
			&quot;Iʻādat tabʻah bi-al-Ūfsit, Baghdad, Maktabat al-Muthanná.&quot;
		</subfield>
	</datafield>
	<datafield ind1=" " ind2=" " tag="533">
		<subfield code="a">
			Electronic reproduction.
		</subfield>
		<subfield code="b">
			New York, N.Y. :
		</subfield>
		<subfield code="c">
			New York University,
		</subfield>
		<subfield code="d">
			2016.
		</subfield>
		<subfield code="5">
			NNU
		</subfield>
	</datafield>
	<datafield ind1=" " ind2="0" tag="650">
		<subfield code="a">
			Arabic literature
		</subfield>
		<subfield code="v">
			Bio-bibliography.
		</subfield>
	</datafield>
	<datafield ind1=" " ind2="0" tag="650">
		<subfield code="a">
			Turkish literature
		</subfield>
		<subfield code="v">
			Bio-bibliography.
		</subfield>
	</datafield>
	<datafield ind1=" " ind2="0" tag="650">
		<subfield code="a">
			Persian literature
		</subfield>
		<subfield code="v">
			Bio-bibliography.
		</subfield>
	</datafield>
	<datafield ind1=" " ind2="7" tag="650">
		<subfield code="a">
			Arabic literature.
		</subfield>
		<subfield code="2">
			fast
		</subfield>
		<subfield code="0">
			(OCoLC)fst00812478
		</subfield>
	</datafield>
	<datafield ind1=" " ind2="7" tag="650">
		<subfield code="a">
			Persian literature.
		</subfield>
		<subfield code="2">
			fast
		</subfield>
		<subfield code="0">
			(OCoLC)fst01058528
		</subfield>
	</datafield>
	<datafield ind1=" " ind2="7" tag="650">
		<subfield code="a">
			Turkish literature.
		</subfield>
		<subfield code="2">
			fast
		</subfield>
		<subfield code="0">
			(OCoLC)fst01159487
		</subfield>
	</datafield>
	<datafield ind1=" " ind2="7" tag="655">
		<subfield code="a">
			Bio-bibliography.
		</subfield>
		<subfield code="2">
			fast
		</subfield>
		<subfield code="0">
			(OCoLC)fst01423685
		</subfield>
	</datafield>
	<datafield ind1="1" ind2=" " tag="700">
		<subfield code="6">
			880-05
		</subfield>
		<subfield code="a">
			Yāltaqāyā, Muḥammad Sharaf al-Dīn. 
		</subfield>
	</datafield>
	<datafield ind1="0" ind2=" " tag="700">
		<subfield code="6">
			880-06
		</subfield>
		<subfield code="a">
			Kilisli Muallim Rifat,
		</subfield>
		<subfield code="d">
			1876-1953.
		</subfield>
	</datafield>
	<datafield ind1="1" ind2="2" tag="700">
		<subfield code="a">
			Bābānī, Ismāʻīl Bāshā,
		</subfield>
		<subfield code="d">
			-1920 or 1921.
		</subfield>
		<subfield code="t">
			Īḍāḥ al-maknūn fī al-dhayl ʻalá Kashf al-ẓunūn.
		</subfield>
	</datafield>
	<datafield ind1="2" ind2=" " tag="710">
		<subfield code="a">
			Cornell University.
		</subfield>
		<subfield code="b">
			Libraries.
		</subfield>
	</datafield>
	<datafield ind1="0" ind2=" " tag="730">
		<subfield code="a">
			Arabic Collections Online.
		</subfield>
	</datafield>
	<datafield ind1="0" ind2="8" tag="776">
		<subfield code="i">
			Print version:
		</subfield>
		<subfield code="a">
			Kâtip Çelebi, 1609-1657.
		</subfield>
		<subfield code="t">
			Kitāb kashf al-ẓunūn ʻan asāmī al-kutub wa-al-funūn
		</subfield>
		<subfield code="w">
			(NIC)5236998
		</subfield>
		<subfield code="w">
			(DLC)   73960253 
		</subfield>
		<subfield code="w">
			(OCoLC)64057785
		</subfield>
	</datafield>
	<datafield ind1="4" ind2="0" tag="856">
		<subfield code="u">
			http://hdl.handle.net/2333.1/jq2bvtjq
		</subfield>
	</datafield>
	<datafield ind1="0" ind2=" " tag="880">
		<subfield code="6">
			100-01/r
		</subfield>
		<subfield code="a">
			كاتب چلبي،
		</subfield>
		<subfield code="d">
			1657-1609
		</subfield>
	</datafield>
	<datafield ind1="1" ind2="0" tag="880">
		<subfield code="6">
			240-02/r
		</subfield>
		<subfield code="a">
			كشف الظنون عن اسام الكتب والفنون
		</subfield>
	</datafield>
	<datafield ind1="1" ind2="0" tag="880">
		<subfield code="6">
			245-03/r
		</subfield>
		<subfield code="a">
			كتاب كشف الظنون عن اسامي الكتب والفنون /
		</subfield>
		<subfield code="c">
			[لمصطفى بن عبد الله الشهير بحاجي خليفة وبكاتب جلبي ؛ عنية بتصحيحه وطبعه عل نسخة المؤلف مجردا عن الزيادات واللواحق من بعده وتعليق حواشيه ثم بترتيب الذيول عليه وطبعها محمد شرف الدين يالتقايا والمعلم رفعت بيلكة الكليسي] ؛ مع مقدمة لآية الله العظمى شهاب الدين النجفيي مرعشي.
		</subfield>
	</datafield>
	<datafield ind1=" " ind2=" " tag="880">
		<subfield code="6">
			260-04/r
		</subfield>
		<subfield code="a">
			[استنبول] :
		</subfield>
		<subfield code="b">
			[publisher not identified]،
		</subfield>
		<subfield code="c">
			1941-1947
		</subfield>
		<subfield code="e">
			([استنبول] :
		</subfield>
		<subfield code="f">
			مطابع وكالة المعارف الجليله)
		</subfield>
	</datafield>
	<datafield ind1="1" ind2=" " tag="880">
		<subfield code="6">
			700-05/r
		</subfield>
		<subfield code="a">
			يالتقايا، محمد شرف الدين. 
		</subfield>
	</datafield>
	<datafield ind1="0" ind2=" " tag="880">
		<subfield code="6">
			700-06/r
		</subfield>
		<subfield code="a">
			الكليسي المعلم رفعت،
		</subfield>
		<subfield code="d">
			1876-1953.
		</subfield>
	</datafield>
	<datafield ind1=" " ind2=" " tag="959">
		<subfield code="a">
			NNU
		</subfield>
		<subfield code="b">
			WEB
		</subfield>
		<subfield code="c">
			GENI
		</subfield>
		<subfield code="t">
			0
		</subfield>
		<subfield code="m">
			Electronic access
		</subfield>
		<subfield code="s">
			01
		</subfield>
	</datafield>
	<datafield ind1=" " ind2=" " tag="999">
		<subfield code="i">
			NIC_5236998
		</subfield>
		<subfield code="o">
			(OCoLC)ocm64057785
		</subfield>
		<subfield code="s">
			cornell_aco000567:muj.2
		</subfield>
		<subfield code="s">
			cornell_aco000568:muj.3
		</subfield>
		<subfield code="s">
			cornell_aco000569:muj.4
		</subfield>
		<subfield code="s">
			cornell_aco000570:muj.1
		</subfield>
		<subfield code="e">
			(ERROR-880)
		</subfield>
		<subfield code="s">
			cornell_aco000567:muj.2
		</subfield>
		<subfield code="s">
			cornell_aco000568:muj.3
		</subfield>
		<subfield code="s">
			cornell_aco000569:muj.4
		</subfield>
		<subfield code="s">
			cornell_aco000570:muj.1
		</subfield>
	</datafield>
</record>
